@article{caporale2008spike,
  title={Spike timing-dependent plasticity: a Hebbian learning rule},
  author={Caporale, Natalia and Dan, Yang},
  journal={Annu. Rev. Neurosci.},
  volume={31},
  pages={25--46},
  year={2008},
  publisher={Annual Reviews}
}

@article{bi1998synaptic,
  title={Synaptic modifications in cultured hippocampal neurons: dependence on spike timing, synaptic strength, and postsynaptic cell type},
  author={Bi, Guo-qiang and Poo, Mu-ming},
  journal={The Journal of neuroscience},
  volume={18},
  number={24},
  pages={10464--10472},
  year={1998},
  publisher={Soc Neuroscience}
}

@article{zhang2009gain,
  title={Gain in sensitivity and loss in temporal contrast of STDP by dopaminergic modulation at hippocampal synapses},
  author={Zhang, Ji-Chuan and Lau, Pak-Ming and Bi, Guo-Qiang},
  journal={Proceedings of the National Academy of Sciences},
  volume={106},
  number={31},
  pages={13028--13033},
  year={2009},
  publisher={National Acad Sciences}
}

@article{eytan2004dopamine,
  title={Dopamine-induced dispersion of correlations between action potentials in networks of cortical neurons},
  author={Eytan, Danny and Minerbi, Amir and Ziv, Noam and Marom, Shimon},
  journal={Journal of neurophysiology},
  volume={92},
  number={3},
  pages={1817--1824},
  year={2004},
  publisher={Am Physiological Soc}
}

@article{herzog2011optical,
  title={Optical validation of in vitro extra-cellular neuronal recordings},
  author={Herzog, Nitzan and Shein-Idelson, Mark and Hanein, Yael},
  journal={Journal of neural engineering},
  volume={8},
  number={5},
  pages={056008},
  year={2011},
  publisher={IOP Publishing}
}

@article{breskin2006percolation,
  title={Percolation in living neural networks},
  author={Breskin, Ilan and Soriano, Jordi and Moses, Elisha and Tlusty, Tsvi},
  journal={Physical review letters},
  volume={97},
  number={18},
  pages={188102},
  year={2006},
  publisher={APS}
}

@article{van2004long,
  title={Long-term characterization of firing dynamics of spontaneous bursts in cultured neural networks},
  author={van Pelt, Jaap and Wolters, Pieter S and Corner, Michael A and Rutten, Wim LC and Ramakers, Ger JA},
  journal={IEEE Transactions on Biomedical Engineering},
  volume={51},
  number={11},
  pages={2051--2062},
  year={2004},
  publisher={IEEE}
}

@article{wagenaar2006extremely,
  title={An extremely rich repertoire of bursting patterns during the development of cortical cultures},
  author={Wagenaar, Daniel A and Pine, Jerome and Potter, Steve M},
  journal={BMC neuroscience},
  volume={7},
  number={1},
  pages={1},
  year={2006},
  publisher={BioMed Central}
}

@article{chiappalone2006dissociated,
  title={Dissociated cortical networks show spontaneously correlated activity patterns during in vitro development},
  author={Chiappalone, Michela and Bove, Marco and Vato, Alessandro and Tedesco, Mariateresa and Martinoia, Sergio},
  journal={Brain research},
  volume={1093},
  number={1},
  pages={41--53},
  year={2006},
  publisher={Elsevier}
}

@article{corner2002physiological,
  title={Physiological effects of sustained blockade of excitatory synaptic transmission on spontaneously active developing neuronal networks—an inquiry into the reciprocal linkage between intrinsic biorhythms and neuroplasticity in early ontogeny},
  author={Corner, Michael A and van Pelt, Jaap and Wolters, PS and Baker, RE and Nuytinck, RH},
  journal={Neuroscience \& Biobehavioral Reviews},
  volume={26},
  number={2},
  pages={127--185},
  year={2002},
  publisher={Elsevier}
}

@article{penn2016network,
  title={Network synchronization in hippocampal neurons},
  author={Penn, Yaron and Segal, Menahem and Moses, Elisha},
  journal={Proceedings of the National Academy of Sciences},
  volume={113},
  number={12},
  pages={3341--3346},
  year={2016},
  publisher={National Acad Sciences}
}

@article{bikbaev2015brain,
  title={Brain extracellular matrix retains connectivity in neuronal networks},
  author={Bikbaev, Arthur and Frischknecht, Renato and Heine, Martin},
  journal={Scientific reports},
  volume={5},
  year={2015},
  publisher={Nature Publishing Group}
}

@article{van2004longterm,
  title={Longterm stability and developmental changes in spontaneous network burst firing patterns in dissociated rat cerebral cortex cell cultures on multielectrode arrays},
  author={Van Pelt, J and Corner, MA and Wolters, PS and Rutten, WLC and Ramakers, GJA},
  journal={Neuroscience letters},
  volume={361},
  number={1},
  pages={86--89},
  year={2004},
  publisher={Elsevier}
}

@article{ramakers1994activity,
  title={Activity-dependent plasticity of inhibitory and excitatory amino acid transmitter systems in cultured rat cerebral cortex},
  author={Ramakers, GJA and Van Galen, H and Feenstra, MGP and Corner, MA and Boer, GJ},
  journal={International Journal of Developmental Neuroscience},
  volume={12},
  number={7},
  pages={611--621},
  year={1994},
  publisher={Elsevier}
}

@article{chiappalone2005burst,
  title={Burst detection algorithms for the analysis of spatio-temporal patterns in cortical networks of neurons},
  author={Chiappalone, Michela and Novellino, Antonio and Vajda, Ildiko and Vato, Alessandro and Martinoia, Sergio and van Pelt, Jaap},
  journal={Neurocomputing},
  volume={65},
  pages={653--662},
  year={2005},
  publisher={Elsevier}
}

@article{wagenaar2004effective,
  title={Effective parameters for stimulation of dissociated cultures using multi-electrode arrays},
  author={Wagenaar, Daniel A and Pine, Jerome and Potter, Steve M},
  journal={Journal of neuroscience methods},
  volume={138},
  number={1},
  pages={27--37},
  year={2004},
  publisher={Elsevier}
}

@article{marom2002development,
  title={Development, learning and memory in large random networks of cortical neurons: lessons beyond anatomy},
  author={Marom, Shimon and Shahaf, Goded},
  journal={Quarterly reviews of biophysics},
  volume={35},
  number={01},
  pages={63--87},
  year={2002},
  publisher={Cambridge Univ Press}
}

@article{wagenaar2005controlling,
  title={Controlling bursting in cortical cultures with closed-loop multi-electrode stimulation},
  author={Wagenaar, Daniel A and Madhavan, Radhika and Pine, Jerome and Potter, Steve M},
  journal={The Journal of neuroscience},
  volume={25},
  number={3},
  pages={680--688},
  year={2005},
  publisher={Soc Neuroscience}
}

@article{eytan2003selective,
  title={Selective adaptation in networks of cortical neurons},
  author={Eytan, Danny and Brenner, Naama and Marom, Shimon},
  journal={The Journal of neuroscience},
  volume={23},
  number={28},
  pages={9349--9356},
  year={2003},
  publisher={Soc Neuroscience}
}

@article{baljon2009interaction,
  title={Interaction of electrically evoked responses in networks of dissociated cortical neurons},
  author={Baljon, Pieter Laurens and Chiappalone, Michela and Martinoia, Sergio},
  journal={Physical Review E},
  volume={80},
  number={3},
  pages={031906},
  year={2009},
  publisher={APS}
}

@article{weihberger2013quantitative,
  title={Quantitative examination of stimulus-response relations in cortical networks in vitro},
  author={Weihberger, Oliver and Okujeni, Samora and Mikkonen, Jarno E and Egert, Ulrich},
  journal={Journal of neurophysiology},
  volume={109},
  number={7},
  pages={1764--1774},
  year={2013},
  publisher={Am Physiological Soc}
}

@article{marom2009precarious,
  title={On the precarious path of reverse neuro-engineering},
  author={Marom, Shimon and Meir, Ron and Braun, Erez and Gal, Asaf and Kermany, Einat and Eytan, Danny},
  journal={Frontiers in computational neuroscience},
  volume={3},
  pages={5},
  year={2009},
  publisher={Frontiers}
}

@article{cozzi2006encoding,
  title={Encoding of time-varying stimuli in populations of cultured neurons},
  author={Cozzi, Laura and D’Angelo, Paolo and Sanguineti, Vittorio},
  journal={Biological cybernetics},
  volume={94},
  number={5},
  pages={335--349},
  year={2006},
  publisher={Springer}
}

@article{gal2013entrainment,
  title={Entrainment of the intrinsic dynamics of single isolated neurons by natural-like input},
  author={Gal, Asaf and Marom, Shimon},
  journal={The Journal of neuroscience},
  volume={33},
  number={18},
  pages={7912--7918},
  year={2013},
  publisher={Soc Neuroscience}
}

@article{mainen1995reliability,
  title={Reliability of spike timing in neocortical neurons},
  author={Mainen, Zachary F and Sejnowski, Terrence J},
  journal={Science},
  volume={268},
  number={5216},
  pages={1503},
  year={1995},
  publisher={The American Association for the Advancement of Science}
}

@article{kermany2010tradeoffs,
  title={Tradeoffs and constraints on neural representation in networks of cortical neurons},
  author={Kermany, Einat and Gal, Asaf and Lyakhov, Vladimir and Meir, Ron and Marom, Shimon and Eytan, Danny},
  journal={The Journal of Neuroscience},
  volume={30},
  number={28},
  pages={9588--9596},
  year={2010},
  publisher={Soc Neuroscience}
}

@article{wagenaar2006searching,
  title={Searching for plasticity in dissociated cortical cultures on multi-electrode arrays},
  author={Wagenaar, Daniel A and Pine, Jerome and Potter, Steve M},
  journal={Journal of negative results in biomedicine},
  volume={5},
  number={1},
  pages={1},
  year={2006},
  publisher={BioMed Central}
}

@article{bakkum2008spatio,
  title={Spatio-temporal electrical stimuli shape behavior of an embodied cortical network in a goal-directed learning task},
  author={Bakkum, Douglas J and Chao, Zenas C and Potter, Steve M},
  journal={Journal of neural engineering},
  volume={5},
  number={3},
  pages={310},
  year={2008},
  publisher={IOP Publishing}
}

@article{shahaf2001learning,
  title={Learning in networks of cortical neurons},
  author={Shahaf, Goded and Marom, Shimon},
  journal={The Journal of Neuroscience},
  volume={21},
  number={22},
  pages={8782--8788},
  year={2001},
  publisher={Soc Neuroscience}
}

@article{vajda2008low,
  title={Low-frequency stimulation induces stable transitions in stereotypical activity in cortical networks},
  author={Vajda, Ildik{\'o} and Van Pelt, Jaap and Wolters, Pieter and Chiappalone, Michela and Martinoia, Sergio and Van Someren, Eus and Van Ooyen, Arjen},
  journal={Biophysical Journal},
  volume={94},
  number={12},
  pages={5028--5039},
  year={2008},
  publisher={Elsevier}
}

@article{le2015repeated,
  title={Repeated stimulation of cultured networks of rat cortical neurons induces parallel memory traces},
  author={le Feber, Joost and Witteveen, Tim and van Veenendaal, Tamar M and Dijkstra, Jelle},
  journal={Learning \& memory},
  volume={22},
  number={12},
  pages={594--603},
  year={2015},
  publisher={Cold Spring Harbor Lab}
}

@article{madhavan2007plasticity,
  title={Plasticity of recurring spatiotemporal activity patterns in cortical networks},
  author={Madhavan, Radhika and Chao, Zenas C and Potter, Steve M},
  journal={Physical biology},
  volume={4},
  number={3},
  pages={181},
  year={2007},
  publisher={IOP Publishing}
}

@article{jimbo1999simultaneous,
  title={Simultaneous induction of pathway-specific potentiation and depression in networks of cortical neurons},
  author={Jimbo, Y and Tateno, T and Robinson, HPC},
  journal={Biophysical Journal},
  volume={76},
  number={2},
  pages={670--678},
  year={1999},
  publisher={Elsevier}
}

@article{chiappalone2008network,
  title={Network plasticity in cortical assemblies},
  author={Chiappalone, Michela and Massobrio, Paolo and Martinoia, Sergio},
  journal={European Journal of Neuroscience},
  volume={28},
  number={1},
  pages={221--237},
  year={2008},
  publisher={Wiley Online Library}
}

@article{ruaro2005toward,
  title={Toward the neurocomputer: image processing and pattern recognition with neuronal cultures},
  author={Ruaro, Maria Elisabetta and Bonifazi, Paolo and Torre, Vincent},
  journal={IEEE Transactions on Biomedical Engineering},
  volume={52},
  number={3},
  pages={371--383},
  year={2005},
  publisher={IEEE}
}

@article{hamilton2015time,
  title={Time-Dependent Increase in Network Response to Stimulation},
  author={Hamilton, Franz and Graham, Robert and Luu, Lydia and Peixoto, Nathalia},
  journal={PloS one},
  volume={10},
  number={11},
  pages={e0142399},
  year={2015},
  publisher={Public Library of Science}
}

@article{bliss1973long,
  title={Long-lasting potentiation of synaptic transmission in the dentate area of the anaesthetized rabbit following stimulation of the perforant path},
  author={Bliss, Tim VP and L{\o}mo, Terje},
  journal={The Journal of physiology},
  volume={232},
  number={2},
  pages={331--356},
  year={1973},
  publisher={Wiley Online Library}
}

@article{turrigiano1999homeostatic,
  title={Homeostatic plasticity in neuronal networks: the more things change, the more they stay the same},
  author={Turrigiano, Gina G},
  journal={Trends in neurosciences},
  volume={22},
  number={5},
  pages={221--227},
  year={1999},
  publisher={Elsevier}
}

@inproceedings{le2009slow,
  title={Slow electrical stimuli affect connectivity in cultured neuronal networks},
  author={le Feber, Joost and Stegenga, Jan and Rutten, Wim},
  booktitle={2009 4th International IEEE/EMBS Conference on Neural Engineering},
  pages={546--549},
  year={2009},
  organization={IEEE}
}

@article{gonzalez2001dopamine,
  title={Dopamine inhibition of evoked IPSCs in rat prefrontal cortex},
  author={Gonzalez-Islas, Carlos and Hablitz, John J},
  journal={Journal of Neurophysiology},
  volume={86},
  number={6},
  pages={2911--2918},
  year={2001},
  publisher={Am Physiological Soc}
}

@article{gu2002neuromodulatory,
  title={Neuromodulatory transmitter systems in the cortex and their role in cortical plasticity},
  author={Gu, Q},
  journal={Neuroscience},
  volume={111},
  number={4},
  pages={815--835},
  year={2002},
  publisher={Elsevier}
}

@article{otani1998dopamine,
  title={Dopamine facilitates long-term depression of glutamatergic transmission in rat prefrontal cortex},
  author={Otani, S and Blond, O and Desce, J-M and Crepel, F},
  journal={Neuroscience},
  volume={85},
  number={3},
  pages={669--676},
  year={1998},
  publisher={Elsevier}
}

@article{arbuthnott2007space,
  title={Space, time and dopamine},
  author={Arbuthnott, Gordon W and Wickens, Jeff},
  journal={Trends in neurosciences},
  volume={30},
  number={2},
  pages={62--69},
  year={2007},
  publisher={Elsevier}
}

,@article{venton2003real,
  title={Real-time decoding of dopamine concentration changes in the caudate--putamen during tonic and phasic firing},
  author={Venton, B Jill and Zhang, Hui and Garris, Paul A and Phillips, Paul EM and Sulzer, David and Wightman, R Mark},
  journal={Journal of neurochemistry},
  volume={87},
  number={5},
  pages={1284--1295},
  year={2003},
  publisher={Wiley Online Library}
}

@article{pearce2005integrated,
  title={Integrated microelectrode array and microfluidics for temperature clamp of sensory neurons in culture},
  author={Pearce, Thomas M and Wilson, J Adam and Oakes, S George and Chiu, Shing-Yan and Williams, Justin C},
  journal={Lab on a Chip},
  volume={5},
  number={1},
  pages={97--101},
  year={2005},
  publisher={Royal Society of Chemistry}
}

@article{park2009differentiation,
  title={Differentiation of neural progenitor cells in a microfluidic chip-generated cytokine gradient},
  author={Park, Joong Yull and Kim, Suel-Kee and Woo, Dong-Hun and Lee, Eun-Joong and Kim, Jong-Hoon and Lee, Sang-Hoon},
  journal={Stem cells},
  volume={27},
  number={11},
  pages={2646--2654},
  year={2009},
  publisher={Wiley Online Library}
}

@article{park2015three,
  title={Three-dimensional brain-on-a-chip with an interstitial level of flow and its application as an in vitro model of Alzheimer's disease},
  author={Park, JiSoo and Lee, Bo Kyeong and Jeong, Gi Seok and Hyun, Jung Keun and Lee, C Justin and Lee, Sang-Hoon},
  journal={Lab on a Chip},
  volume={15},
  number={1},
  pages={141--150},
  year={2015},
  publisher={Royal Society of Chemistry}
}

@article{biffi2012microfluidic,
  title={A microfluidic platform for controlled biochemical stimulation of twin neuronal networks},
  author={Biffi, Emilia and Piraino, Francesco and Pedrocchi, Alessandra and Fiore, Gianfranco B and Ferrigno, Giancarlo and Redaelli, Alberto and Menegon, Andrea and Rasponi, Marco},
  journal={Biomicrofluidics},
  volume={6},
  number={2},
  pages={024106},
  year={2012},
  publisher={AIP Publishing}
}

@article{wang2008microfluidics,
  title={A microfluidics-based turning assay reveals complex growth cone responses to integrated gradients of substrate-bound ECM molecules and diffusible guidance cues},
  author={Wang, C Joanne and Li, Xiong and Lin, Benjamin and Shim, Sangwoo and Ming, Guo-li and Levchenko, Andre},
  journal={Lab on a Chip},
  volume={8},
  number={2},
  pages={227--237},
  year={2008},
  publisher={Royal Society of Chemistry}
}

@article{morel2012amplification,
  title={Amplification and temporal filtering during gradient sensing by nerve growth cones probed with a microfluidic assay},
  author={Morel, Mathieu and Shynkar, Vasyl and Galas, Jean-Christophe and Dupin, Isabelle and Bouzigues, C{\'e}dric and Studer, Vincent and Dahan, Maxime},
  journal={Biophysical journal},
  volume={103},
  number={8},
  pages={1648--1656},
  year={2012},
  publisher={Elsevier}
}


@article{choi2013neurotoxic,
  title={Neurotoxic amyloid beta oligomeric assemblies recreated in microfluidic platform with interstitial level of slow flow},
  author={Choi, Yoon Jung and Chae, Sukyung and Kim, Jeong Hun and Barald, Kate F and Park, Joong Yull and Lee, Sang-Hoon},
  journal={Scientific reports},
  volume={3},
  year={2013},
  publisher={Nature Publishing Group}
}

@article{kumamoto2015effects,
  title={Effects of medium flow on axon growth with or without nerve growth factor},
  author={Kumamoto, Junichi and Kitahata, Hiroyuki and Goto, Makiko and Nagayama, Masaharu and Denda, Mitsuhiro},
  journal={Biochemical and biophysical research communications},
  volume={465},
  number={1},
  pages={26--29},
  year={2015},
  publisher={Elsevier}
}

@article{kaech2006culturing,
  title={Culturing hippocampal neurons},
  author={Kaech, Stefanie and Banker, Gary},
  journal={Nature protocols},
  volume={1},
  number={5},
  pages={2406--2415},
  year={2006},
  publisher={Nature Publishing Group}
}

@article{romijn1984towards,
  title={Towards an improved serum-free, chemically defined medium for long-term culturing of cerebral cortex tissue},
  author={Romijn, HJ and Van Huizen, F and Wolters, PS},
  journal={Neuroscience \& Biobehavioral Reviews},
  volume={8},
  number={3},
  pages={301--334},
  year={1984},
  publisher={Elsevier}
}

@article{brewer1993optimized,
  title={Optimized survival of hippocampal neurons in B27-supplemented neurobasal™, a new serum-free medium combination},
  author={Brewer, GJ and Torricelli, JR and Evege, EK and Price, PJ},
  journal={Journal of neuroscience research},
  volume={35},
  number={5},
  pages={567--576},
  year={1993},
  publisher={Wiley Online Library}
}

@article{ray1993proliferation,
  title={Proliferation, differentiation, and long-term culture of primary hippocampal neurons.},
  author={Ray, Jasodhara and Peterson, Daniel A and Schinstine, Malcolm and Gage, Fred H},
  journal={Proceedings of the National Academy of Sciences},
  volume={90},
  number={8},
  pages={3602--3606},
  year={1993},
  publisher={National Acad Sciences}
}

@article{millet2007microfluidic,
  title={Microfluidic devices for culturing primary mammalian neurons at low densities},
  author={Millet, Larry J and Stewart, Matthew E and Sweedler, Jonathan V and Nuzzo, Ralph G and Gillette, Martha U},
  journal={Lab on a Chip},
  volume={7},
  number={8},
  pages={987--994},
  year={2007},
  publisher={Royal Society of Chemistry}
}

@article{park2006microfluidic,
  title={Microfluidic culture platform for neuroscience research},
  author={Park, Jeong Won and Vahidi, Behrad and Taylor, Anne M and Rhee, Seog Woo and Jeon, Noo Li},
  journal={Nature protocols},
  volume={1},
  number={4},
  pages={2128--2136},
  year={2006},
  publisher={Nature Publishing Group}
}

@article{gross2007applications,
  title={Applications of microfluidics for neuronal studies},
  author={Gross, Pamela G and Kartalov, Emil P and Scherer, Axel and Weiner, Leslie P},
  journal={Journal of the neurological sciences},
  volume={252},
  number={2},
  pages={135--143},
  year={2007},
  publisher={Elsevier}
}

@article{park2013advances,
  title={Advances in microfluidics-based experimental methods for neuroscience research},
  author={Park, Jae Woo and Kim, Hyung Joon and Kang, Myeong Woo and Jeon, Noo Li},
  journal={Lab on a Chip},
  volume={13},
  number={4},
  pages={509--521},
  year={2013},
  publisher={Royal Society of Chemistry}
}

@article{nath2010rapid,
  title={Rapid prototyping of robust and versatile microfluidic components using adhesive transfer tapes},
  author={Nath, Pulak and Fung, Derek and Kunde, Yuliya A and Zeytun, Ahmet and Branch, Brittany and Goddard, Greg},
  journal={Lab on a Chip},
  volume={10},
  number={17},
  pages={2286--2291},
  year={2010},
  publisher={Royal Society of Chemistry}
}

@article{samel2007fabrication,
  title={The fabrication of microfluidic structures by means of full-wafer adhesive bonding using a poly (dimethylsiloxane) catalyst},
  author={Samel, Bj{\"o}rn and Chowdhury, M Kamruzzaman and Stemme, G{\"o}ran},
  journal={Journal of Micromechanics and Microengineering},
  volume={17},
  number={8},
  pages={1710},
  year={2007},
  publisher={IOP Publishing}
}

@phdthesis{johnstoneThesis,
    author={Alexander Johnstone},
    title={Microfluidic systems for neuronal cell culture},
    school={The University of Nottingham},
    year={2015},
}

@article{banker1980trophic,
  title={Trophic interactions between astroglial cells and hippocampal neurons in culture},
  author={Banker, Gary A},
  journal={Science},
  volume={209},
  number={4458},
  pages={809--810},
  year={1980}
}

@article{liu2013galanin,
  title={Galanin protects against nerve injury after shear stress in primary cultured rat cortical neurons},
  author={Liu, Meili and Song, Wei and Li, Ping and Huang, Yan and Gong, Xianghui and Zhou, Gang and Jia, Xiaoling and Zheng, Lisha and Fan, Yubo},
  journal={PloS one},
  volume={8},
  number={5},
  pages={e63473},
  year={2013},
  publisher={Public Library of Science}
}

@article{morel2012concentration,
  title={Concentration landscape generators for shear free dynamic chemical stimulation},
  author={Morel, Mathieu and Galas, Jean-Christophe and Dahan, Maxime and Studer, Vincent},
  journal={Lab on a Chip},
  volume={12},
  number={7},
  pages={1340--1346},
  year={2012},
  publisher={Royal Society of Chemistry}
}

@article{corner1992spontaneous,
  title={Spontaneous firing as an epigenetic factor in brain development—physiological consequences of chronic tetrodotoxin and picrotoxin exposure on cultured rat neocortex neurons},
  author={Corner, Michael A and Ramakers, GJA},
  journal={Developmental brain research},
  volume={65},
  number={1},
  pages={57--64},
  year={1992},
  publisher={Elsevier}
}

@article{hensch2005critical,
  title={Critical period plasticity in local cortical circuits},
  author={Hensch, Takao K},
  journal={Nature Reviews Neuroscience},
  volume={6},
  number={11},
  pages={877--888},
  year={2005},
  publisher={Nature Publishing Group}
}

@article{li2003some,
  title={Some assembly required: the development of neuronal synapses},
  author={Li, Zheng and Sheng, Morgan},
  journal={Nature reviews Molecular cell biology},
  volume={4},
  number={11},
  pages={833--841},
  year={2003},
  publisher={Nature Publishing Group}
}

@article{lee2010channel,
  title={Channel-mediated tonic GABA release from glia},
  author={Lee, Soojung and Yoon, Bo-Eun and Berglund, Ken and Oh, Soo-Jin and Park, Hyungju and Shin, Hee-Sup and Augustine, George J and Lee, C Justin},
  journal={Science},
  volume={330},
  number={6005},
  pages={790--796},
  year={2010},
  publisher={American Association for the Advancement of Science}
}

@article{grabrucker2009synaptogenesis,
  title={Synaptogenesis of hippocampal neurons in primary cell culture},
  author={Grabrucker, Andreas and Vaida, Bianca and Bockmann, J{\"u}rgen and Boeckers, Tobias M},
  journal={Cell and tissue research},
  volume={338},
  number={3},
  pages={333--341},
  year={2009},
  publisher={Springer}
}

@article{brewer2008neuron,
  title={Neuron network activity scales exponentially with synapse density},
  author={Brewer, GJ and Boehler, MD and Pearson, RA and DeMaris, AA and Ide, AN and Wheeler, BC},
  journal={Journal of neural engineering},
  volume={6},
  number={1},
  pages={014001},
  year={2008},
  publisher={IOP Publishing}
}

@article{goyal2011neuronal,
  title={Neuronal micro-culture engineering by microchannel devices of cellular scale dimensions},
  author={Goyal, Gaurav and Nam, Yoonkey},
  journal={Biomedical Engineering Letters},
  volume={1},
  number={2},
  pages={89--98},
  year={2011},
  publisher={Springer}
}

@article{mody2004diversity,
  title={Diversity of inhibitory neurotransmission through GABA A receptors},
  author={Mody, Istvan and Pearce, Robert A},
  journal={Trends in neurosciences},
  volume={27},
  number={9},
  pages={569--575},
  year={2004},
  publisher={Elsevier}
}


@article{olah2009regulation,
  title={Regulation of cortical microcircuits by unitary GABA-mediated volume transmission},
  author={Ol{\'a}h, Szabolcs and F{\"u}le, Mikl{\'o}s and Koml{\'o}si, Gergely and Varga, Csaba and B{\'a}ldi, Rita and Barz{\'o}, P{\'a}l and Tam{\'a}s, G{\'a}bor},
  journal={Nature},
  volume={461},
  number={7268},
  pages={1278--1281},
  year={2009},
  publisher={Nature Publishing Group}
}

@article{agnati1995intercellular,
  title={Intercellular communication in the brain: wiring versus volume transmission},
  author={Agnati, LF and Zoli, M and Str{\"o}mberg, I and Fuxe, K},
  journal={Neuroscience},
  volume={69},
  number={3},
  pages={711--726},
  year={1995},
  publisher={Elsevier}
}

@article{bowery2006gaba,
  title={GABA and glycine as neurotransmitters: a brief history},
  author={Bowery, NG and Smart, TG},
  journal={British journal of pharmacology},
  volume={147},
  number={S1},
  pages={S109--S119},
  year={2006},
  publisher={Wiley Online Library}
}

@article{taber2014volume,
  title={Volume transmission in the brain: beyond the synapse},
  author={Taber, Katherine H and Hurley, Robin A},
  journal={The Journal of neuropsychiatry and clinical neurosciences},
  volume={26},
  number={1},
  pages={iv--4},
  year={2014},
  publisher={Am Neuropsych Assoc}
}

@article{fuxe2010discovery,
  title={The discovery of central monoamine neurons gave volume transmission to the wired brain},
  author={Fuxe, Kjell and Dahlstr{\"o}m, Annica B and Jonsson, G{\"o}sta and Marcellino, Daniel and Guescini, Michele and Dam, Mauro and Manger, Paul and Agnati, Luigi},
  journal={Progress in neurobiology},
  volume={90},
  number={2},
  pages={82--100},
  year={2010},
  publisher={Elsevier}
}

@article{wall2015localized,
  title={Localized adenosine signaling provides fine-tuned negative feedback over a wide dynamic range of neocortical network activities},
  author={Wall, Mark J and Richardson, Magnus JE},
  journal={Journal of neurophysiology},
  volume={113},
  number={3},
  pages={871--882},
  year={2015},
  publisher={Am Physiological Soc}
}

@article{cavelier2005tonic,
  title={Tonic excitation and inhibition of neurons: ambient transmitter sources and computational consequences},
  author={Cavelier, Pauline and Hamann, Martine and Rossi, David and Mobbs, Peter and Attwell, David},
  journal={Progress in biophysics and molecular biology},
  volume={87},
  number={1},
  pages={3--16},
  year={2005},
  publisher={Elsevier}
}

@article{farrant2005variations,
  title={Variations on an inhibitory theme: phasic and tonic activation of GABAA receptors},
  author={Farrant, Mark and Nusser, Zoltan},
  journal={Nature Reviews Neuroscience},
  volume={6},
  number={3},
  pages={215--229},
  year={2005},
  publisher={Nature Publishing Group}
}

@article{clements1996transmitter,
  title={Transmitter timecourse in the synaptic cleft: its role in central synaptic function},
  author={Clements, JD},
  journal={Trends in neurosciences},
  volume={19},
  number={5},
  pages={163--171},
  year={1996},
  publisher={Elsevier}
}

@article{eccles1958relationship,
  title={The relationship between the mode of operation and the dimensions of the junctional regions at synapses and motor end-organs},
  author={Eccles, John Carew and Jaeger, John Conrad},
  journal={Proceedings of the Royal Society of London B: Biological Sciences},
  volume={148},
  number={930},
  pages={38--56},
  year={1958},
  publisher={The Royal Society}
}

@article{sah1989tonic,
  title={Tonic activation of NMDA receptors by ambient glutamate enhances excitability of neurons},
  author={Sah, P and Hestrin, S and Nicoll, RA},
  journal={Science},
  volume={246},
  number={4931},
  pages={815--818},
  year={1989}
}

@article{mann2010control,
  title={Control of hippocampal gamma oscillation frequency by tonic inhibition and excitation of interneurons},
  author={Mann, Edward O and Mody, Istvan},
  journal={Nature neuroscience},
  volume={13},
  number={2},
  pages={205--212},
  year={2010},
  publisher={Nature Publishing Group}
}

@article{hamann2002tonic,
  title={Tonic and spillover inhibition of granule cells control information flow through cerebellar cortex},
  author={Hamann, Martine and Rossi, David J and Attwell, David},
  journal={Neuron},
  volume={33},
  number={4},
  pages={625--633},
  year={2002},
  publisher={Elsevier}
}

@inproceedings{lenk2016understanding,
  title={Understanding the role of astrocytic GABA in simulated neural networks},
  author={Lenk, Kerstin and R{\"a}is{\"a}nen, Eero and Hyttinen, Jari AK},
  booktitle={Engineering in Medicine and Biology Society (EMBC), 2016 IEEE 38th Annual International Conference of the},
  pages={6121--6124},
  year={2016},
  organization={IEEE}
}

@article{tamas2003identified,
  title={Identified sources and targets of slow inhibition in the neocortex},
  author={Tam{\'a}s, G{\'a}bor and L{\H{o}}rincz, Andrea and Simon, Anna and Szabadics, J{\'a}nos},
  journal={Science},
  volume={299},
  number={5614},
  pages={1902--1905},
  year={2003},
  publisher={American Association for the Advancement of Science}
}

@article{zhang2003atp,
  title={ATP released by astrocytes mediates glutamatergic activity-dependent heterosynaptic suppression},
  author={Zhang, Jing-ming and Wang, Hui-kun and Ye, Chang-quan and Ge, Wooping and Chen, Yiren and Jiang, Zheng-lin and Wu, Chien-ping and Poo, Mu-ming and Duan, Shumin},
  journal={Neuron},
  volume={40},
  number={5},
  pages={971--982},
  year={2003},
  publisher={Elsevier}
}

@article{li2007long,
  title={Long-term recording on multi-electrode array reveals degraded inhibitory connection in neuronal network development},
  author={Li, Xiangning and Zhou, Wei and Zeng, Shaoqun and Liu, Man and Luo, Qingming},
  journal={Biosensors and Bioelectronics},
  volume={22},
  number={7},
  pages={1538--1543},
  year={2007},
  publisher={Elsevier}
}

@book{fluidBook,
    author    = "White Frank M",
    title     = "Fluid Mechanics",
    publisher = "McGraw-Hill",
     year      = "2009",
}

@article{wall2002furosemide,
  title={Furosemide reveals heterogeneous GABA A receptor expression at adult rat Golgi cell to granule cell synapses},
  author={Wall, Mark J},
  journal={Neuropharmacology},
  volume={43},
  number={4},
  pages={737--749},
  year={2002},
  publisher={Elsevier}
}

@article{araque1999tripartite,
  title={Tripartite synapses: glia, the unacknowledged partner},
  author={Araque, Alfonso and Parpura, Vladimir and Sanzgiri, Rita P and Haydon, Philip G},
  journal={Trends in neurosciences},
  volume={22},
  number={5},
  pages={208--215},
  year={1999},
  publisher={Elsevier}
}



@article{phillips2003subsecond,
  title={Subsecond dopamine release promotes cocaine seeking},
  author={Phillips, Paul EM and Stuber, Garret D and Heien, Michael LAV and Wightman, R Mark and Carelli, Regina M},
  journal={Nature},
  volume={422},
  number={6932},
  pages={614--618},
  year={2003},
  publisher={Nature Publishing Group}
}

@article{mittleman2008cerebellar,
  title={Cerebellar modulation of frontal cortex dopamine efflux in mice: relevance to autism and schizophrenia},
  author={Mittleman, Guy and Goldowitz, Daniel and Heck, Detlef H and Blaha, Charles D},
  journal={Synapse},
  volume={62},
  number={7},
  pages={544--550},
  year={2008},
  publisher={Wiley Online Library}
}

@article{dankoski2015monitoring,
  title={Monitoring serotonin signaling on a subsecond time scale},
  author={Dankoski, Elyse C and Wightman, R Mark},
  journal={Neurobiological circuit function and computation of the serotonergic and related systems},
  year={2015},
  publisher={Frontiers Media SA}
}

@article{dugast2002vivo,
  title={In vivo monitoring of evoked noradrenaline release in the rat anteroventral thalamic nucleus by continuous amperometry},
  author={Dugast, C and Cespuglio, R and Suaud-Chagny, MF},
  journal={Journal of neurochemistry},
  volume={82},
  number={3},
  pages={529--537},
  year={2002},
  publisher={Wiley Online Library}
}

@article{parikh2007prefrontal,
  title={Prefrontal acetylcholine release controls cue detection on multiple timescales},
  author={Parikh, Vinay and Kozak, Rouba and Martinez, Vicente and Sarter, Martin},
  journal={Neuron},
  volume={56},
  number={1},
  pages={141--154},
  year={2007},
  publisher={Elsevier}
}

@article{brown2011primary,
  title={Primary food reward and reward-predictive stimuli evoke different patterns of phasic dopamine signaling throughout the striatum},
  author={Brown, Holden D and McCutcheon, James E and Cone, Jackson J and Ragozzino, Michael E and Roitman, Mitchell F},
  journal={European journal of neuroscience},
  volume={34},
  number={12},
  pages={1997--2006},
  year={2011},
  publisher={Wiley Online Library}
}

@article{mayer1985action,
  title={The action of N-methyl-D-aspartic acid on mouse spinal neurones in culture.},
  author={Mayer, ML and Westbrook, GL},
  journal={The Journal of Physiology},
  volume={361},
  pages={65},
  year={1985},
  publisher={Wiley-Blackwell}
}

@article{trussell1993desensitization,
  title={Desensitization of AMPA receptors upon multiquantal neurotransmitter release},
  author={Trussell, Laurence O and Zhang, Su and Ramant, Indira M},
  journal={Neuron},
  volume={10},
  number={6},
  pages={1185--1196},
  year={1993},
  publisher={Elsevier}
}

@article{seeman1994dopamine,
  title={Dopamine receptor pharmacology},
  author={Seeman, Philip and Van Tol, Hubert HM},
  journal={Trends in pharmacological sciences},
  volume={15},
  number={7},
  pages={264--270},
  year={1994},
  publisher={Elsevier}
}

@article{seeman1980brain,
  title={Brain dopamine receptors.},
  author={Seeman, Philip},
  journal={Pharmacological Reviews},
  volume={32},
  number={3},
  pages={229--313},
  year={1980},
  publisher={ASPET}
}

@article{izhikevich2007solving,
  title={Solving the distal reward problem through linkage of STDP and dopamine signaling},
  author={Izhikevich, Eugene M},
  journal={Cerebral cortex},
  volume={17},
  number={10},
  pages={2443--2452},
  year={2007},
  publisher={Oxford Univ Press}
}

@article{yagishita2014critical,
  title={A critical time window for dopamine actions on the structural plasticity of dendritic spines},
  author={Yagishita, Sho and Hayashi-Takagi, Akiko and Ellis-Davies, Graham CR and Urakubo, Hidetoshi and Ishii, Shin and Kasai, Haruo},
  journal={Science},
  volume={345},
  number={6204},
  pages={1616--1620},
  year={2014},
  publisher={American Association for the Advancement of Science}
}

@article{bromberg2010dopamine,
  title={Dopamine in motivational control: rewarding, aversive, and alerting},
  author={Bromberg-Martin, Ethan S and Matsumoto, Masayuki and Hikosaka, Okihide},
  journal={Neuron},
  volume={68},
  number={5},
  pages={815--834},
  year={2010},
  publisher={Elsevier}
}


@article{rodgers2011tonic,
  title={Tonic nanomolar dopamine enables an activity-dependent phase recovery mechanism that persistently alters the maximal conductance of the hyperpolarization-activated current in a rhythmically active neuron},
  author={Rodgers, Edmund W and Fu, Jing Jing and Krenz, Wulf-Dieter C and Baro, Deborah J},
  journal={The Journal of Neuroscience},
  volume={31},
  number={45},
  pages={16387--16397},
  year={2011},
  publisher={Soc Neuroscience}
}

@article{ferron1984inhibitory,
  title={Inhibitory influence of the mesocortical dopaminergic system on spontaneous activity or excitatory response induced from the thalamic mediodorsal nucleus in the rat medial prefrontal cortex},
  author={Ferron, A and Thierry, AM and Le Douarin, C and Glowinski, J},
  journal={Brain research},
  volume={302},
  number={2},
  pages={257--265},
  year={1984},
  publisher={Elsevier}
}

@article{gorelova2002mechanisms,
  title={Mechanisms of dopamine activation of fast-spiking interneurons that exert inhibition in rat prefrontal cortex},
  author={Gorelova, Natalia and Seamans, Jeremy K and Yang, Charles R},
  journal={Journal of neurophysiology},
  volume={88},
  number={6},
  pages={3150--3166},
  year={2002},
  publisher={Am Physiological Soc}
}

@article{tye2013dopamine,
  title={Dopamine neurons modulate neural encoding and expression of depression-related behaviour},
  author={Tye, Kay M and Mirzabekov, Julie J and Warden, Melissa R and Ferenczi, Emily A and Tsai, Hsing-Chen and Finkelstein, Joel and Kim, Sung-Yon and Adhikari, Avishek and Thompson, Kimberly R and Andalman, Aaron S and others},
  journal={Nature},
  volume={493},
  number={7433},
  pages={537--541},
  year={2013},
  publisher={Nature Publishing Group}
}

@article{richfield1989anatomical,
  title={Anatomical and affinity state comparisons between dopamine D 1 and D 2 receptors in the rat central nervous system},
  author={Richfield, EK and Penney, JB and Young, AB},
  journal={Neuroscience},
  volume={30},
  number={3},
  pages={767--777},
  year={1989},
  publisher={Elsevier}
}

@article{berridge2007debate,
  title={The debate over dopamine’s role in reward: the case for incentive salience},
  author={Berridge, Kent C},
  journal={Psychopharmacology},
  volume={191},
  number={3},
  pages={391--431},
  year={2007},
  publisher={Springer}
}

@article{jonas2016could,
  title={Could a neuroscientist understand a microprocessor?},
  author={Jonas, Eric and Kording, Konrad},
  journal={bioRxiv},
  pages={055624},
  year={2016},
  publisher={Cold Spring Harbor Labs Journals}
}


@article{emiliani2015all,
  title={All-optical interrogation of neural circuits},
  author={Emiliani, Valentina and Cohen, Adam E and Deisseroth, Karl and H{\"a}usser, Michael},
  journal={The Journal of Neuroscience},
  volume={35},
  number={41},
  pages={13917--13926},
  year={2015},
  publisher={Soc Neuroscience}
}

@article{berenyi2014large,
  title={Large-scale, high-density (up to 512 channels) recording of local circuits in behaving animals},
  author={Ber{\'e}nyi, Antal and Somogyv{\'a}ri, Zolt{\'a}n and Nagy, Anett J and Roux, Lisa and Long, John D and Fujisawa, Shigeyoshi and Stark, Eran and Leonardo, Anthony and Harris, Timothy D and Buzs{\'a}ki, Gy{\"o}rgy},
  journal={Journal of neurophysiology},
  volume={111},
  number={5},
  pages={1132--1149},
  year={2014},
  publisher={Am Physiological Soc}
}

@article{hagan2002quantum,
  title={Quantum computation in brain microtubules: Decoherence and biological feasibility},
  author={Hagan, Scott and Hameroff, Stuart R and Tuszy{\'n}ski, Jack A},
  journal={Physical Review E},
  volume={65},
  number={6},
  pages={061901},
  year={2002},
  publisher={APS}
}

@article{hameroff2014consciousness,
  title={Consciousness in the universe: A review of the ‘Orch OR’ theory},
  author={Hameroff, Stuart and Penrose, Roger},
  journal={Physics of life reviews},
  volume={11},
  number={1},
  pages={39--78},
  year={2014},
  publisher={Elsevier}
}

@book{Kandel,
    author    = "Kandel Eric R",
    title     = "Principles of neural science",
    publisher = "McGraw-Hill",
     year      = "2013",
}

@article{volterra2005astrocytes,
  title={Astrocytes, from brain glue to communication elements: the revolution continues},
  author={Volterra, Andrea and Meldolesi, Jacopo},
  journal={Nature Reviews Neuroscience},
  volume={6},
  number={8},
  pages={626--640},
  year={2005},
  publisher={Nature Publishing Group}
}

@article{lossi2009cell,
  title={Cell death and proliferation in acute slices and organotypic cultures of mammalian CNS},
  author={Lossi, Laura and Alasia, Silvia and Salio, Chiara and Merighi, Adalberto},
  journal={Progress in neurobiology},
  volume={88},
  number={4},
  pages={221--245},
  year={2009},
  publisher={Elsevier}
}

@article{nelson1975nerve,
  title={Nerve and muscle cells in culture},
  author={Nelson, PHILLIP G},
  journal={Physiological reviews},
  volume={55},
  number={1},
  pages={1--61},
  year={1975},
  publisher={Am Physiological Soc}
}

@article{dichter1978rat,
  title={Rat cortical neurons in cell culture: culture methods, cell morphology, electrophysiology, and synapse formation},
  author={Dichter, Marc A},
  journal={Brain research},
  volume={149},
  number={2},
  pages={279--293},
  year={1978},
  publisher={Elsevier}
}

@article{mazia1975adhesion,
  title={Adhesion of cells to surfaces coated with polylysine. Applications to electron microscopy.},
  author={Mazia, Daniel and Schatten, Gerald and Sale, Winfield},
  journal={The Journal of cell biology},
  volume={66},
  number={1},
  pages={198--200},
  year={1975},
  publisher={Rockefeller Univ Press}
}

@phdthesis{wiertz2010regulation,
  title={Regulation of in vitro cell-cell and cell-substrate adhesion},
  author={Wiertz, Remy WF},
  year={2010},
  school={Universiteit Twente}
}

@article{easton2014genetic,
  title={Genetic elimination of GABAergic neurotransmission reveals two distinct pacemakers for spontaneous waves of activity in the developing mouse cortex},
  author={Easton, Curtis R and Weir, Keiko and Scott, Adina and Moen, Samantha P and Barger, Zeke and Folch, Albert and Hevner, Robert F and Moody, William J},
  journal={The Journal of Neuroscience},
  volume={34},
  number={11},
  pages={3854--3863},
  year={2014},
  publisher={Soc Neuroscience}
}

@article{morrow2001sequential,
  title={Sequential specification of neurons and glia by developmentally regulated extracellular factors},
  author={Morrow, Theresa and Song, Mi-Ryoung and Ghosh, Anirvan},
  journal={Development},
  volume={128},
  number={18},
  pages={3585--3594},
  year={2001},
  publisher={The Company of Biologists Ltd}
}

@article{benson1994characterization,
  title={Characterization of GABAergic neurons in hippocampal cell cultures},
  author={Benson, DL and Watkins, FH and Steward, O and Banker, Gary},
  journal={Journal of neurocytology},
  volume={23},
  number={5},
  pages={279--295},
  year={1994},
  publisher={Springer}
}

@article{wallach2014glutamate,
  title={Glutamate mediated astrocytic filtering of neuronal activity},
  author={Wallach, Gilad and Lallouette, Jules and Herzog, Nitzan and De Pitt{\`a}, Maurizio and Jacob, Eshel Ben and Berry, Hugues and Hanein, Yael},
  journal={PLoS Comput Biol},
  volume={10},
  number={12},
  pages={e1003964},
  year={2014},
  publisher={Public Library of Science}
}

@article{kaufman2012long,
  title={Long-term relationships between cholinergic tone, synchronous bursting and synaptic remodeling},
  author={Kaufman, Maya and Corner, Michael A and Ziv, Noam E},
  journal={PLoS One},
  volume={7},
  number={7},
  pages={e40980},
  year={2012},
  publisher={Public Library of Science}
}

@article{swanwick2006development,
  title={Development of $\gamma$-aminobutyric acidergic synapses in cultured hippocampal neurons},
  author={Swanwick, Catherine Croft and Murthy, Namita R and Mtchedlishvili, Zakaria and Sieghart, Werner and Kapur, Jaideep},
  journal={Journal of Comparative Neurology},
  volume={495},
  number={5},
  pages={497--510},
  year={2006},
  publisher={Wiley Online Library}
}

@article{hubel1957tungsten,
author = {Hubel, D H},
journal = {Science},
number = {3247},
pages = {549--550},
title = {{Tungsten microelectrode for recording from single units}},
volume = {125},
year = {1957}
}

@article{Morin2005,
abstract = {Neuronal networks underlie memory storage and information processing in the human brain, and ultimately participate in what Eccles referred to as "the creation of consciousness". Moreover, as physiological dysfunctions of neurons almost always translate into serious health issues, the study of the dynamics of neuronal networks has become a major avenue of research, as well as their response to pharmacological tampering. Planar microelectrode arrays represent a unique tool to investigate such dynamics and interferences, as they allow one to observe the activity of neuronal networks spread in both space and time. We will here review the major results obtained with microelectrode arrays and give an overview of the latest technological developments in the field, including our own efforts to develop the potential of this already powerful technology.},
author = {Morin, Fabrice O and Takamura, Yuzuru and Tamiya, Eiichi},
doi = {10.1263/jbb.100.131},
file = {:C$\backslash$:/Slab/Papers/Mendeley/Morin05\_Review\_InvesigatingNeuronalActivityWithPlanarMEA.pdf:pdf},
issn = {1389-1723},
journal = {Journal of bioscience and bioengineering},
keywords = {Microelectrodes,Neurons,Neurons: physiology,Signal Transduction},
month = aug,
number = {2},
pages = {131--43},
pmid = {16198254},
title = {{Investigating neuronal activity with planar microelectrode arrays: achievements and new perspectives.}},
url = {http://www.ncbi.nlm.nih.gov/pubmed/16198254},
volume = {100},
year = {2005}
}

@article{Buzsaki2004,
abstract = {How does the brain orchestrate perceptions, thoughts and actions from the spiking activity of its neurons? Early single-neuron recording research treated spike pattern variability as noise that needed to be averaged out to reveal the brain's representation of invariant input. Another view is that variability of spikes is centrally coordinated and that this brain-generated ensemble pattern in cortical structures is itself a potential source of cognition. Large-scale recordings from neuronal ensembles now offer the opportunity to test these competing theoretical frameworks. Currently, wire and micro-machined silicon electrode arrays can record from large numbers of neurons and monitor local neural circuits at work. Achieving the full potential of massively parallel neuronal recordings, however, will require further development of the neuron-electrode interface, automated and efficient spike-sorting algorithms for effective isolation and identification of single neurons, and new mathematical insights for the analysis of network properties.},
author = {Buzs\'{a}ki, Gy\"{o}rgy},
doi = {10.1038/nn1233},
file = {:C$\backslash$:/Slab/Papers/Mendeley/MEA review buszuki 2004.pdf:pdf},
issn = {1097-6256},
journal = {Nature neuroscience},
keywords = {Action Potentials,Action Potentials: physiology,Animals,Brain,Brain: cytology,Brain: physiology,Electrophysiology,Electrophysiology: methods,Humans,Microelectrodes,Nerve Net,Nerve Net: physiology,Neurons,Neurons: physiology,Neurophysiology},
month = may,
number = {5},
pages = {446--51},
pmid = {15114356},
title = {{Large-scale recording of neuronal ensembles.}},
url = {http://www.ncbi.nlm.nih.gov/pubmed/15114356},
volume = {7},
year = {2004}
}

@article{PotterRev2001,
author = {Potter, S M},
file = {:C$\backslash$:/Slab/Papers/Mendeley/potter 2001.pdf:pdf},
journal = {Progress in brain research},
pages = {49--62},
publisher = {Citeseer},
title = {{Distributed processing in cultured neuronal networks}},
volume = {130},
year = {2001}
}

@article{Marom02,
annote = {0033-5835 (Print)
Journal Article
Review},
author = {Marom, S and Shahaf, G},
file = {:C$\backslash$:/Slab/Papers/Mendeley/2002 Q. Rev. Biophys Marom.pdf:pdf},
journal = {Q Rev Biophys},
keywords = { Cultured Electrophysiology Humans *Learning *Memo,Animals Biophysics Cells},
number = {1},
pages = {63--87},
title = {{Development, learning and memory in large random networks of cortical neurons: lessons beyond anatomy}},
volume = {35},
year = {2002}
}

@article{kamioka1996spontaneous,
  title={Spontaneous periodic synchronized bursting during formation of mature patterns of connections in cortical cultures},
  author={Kamioka, Hiroyuki and Maeda, Eisaku and Jimbo, Yasuhiko and Robinson, Hugh PC and Kawana, Akio},
  journal={Neuroscience letters},
  volume={206},
  number={2},
  pages={109--112},
  year={1996},
  publisher={Elsevier}
}

@article{gal2010dynamics,
  title={Dynamics of excitability over extended timescales in cultured cortical neurons},
  author={Gal, Asaf and Eytan, Danny and Wallach, Avner and Sandler, Maya and Schiller, Jackie and Marom, Shimon},
  journal={The Journal of Neuroscience},
  volume={30},
  number={48},
  pages={16332--16342},
  year={2010},
  publisher={Soc Neuroscience}
}

@article{reinartz2014synaptic,
  title={Synaptic dynamics contribute to long-term single neuron response fluctuations},
  author={Reinartz, Sebastian and Biro, Istvan and Gal, Asaf and Giugliano, Michele and Marom, Shimon},
  journal={Frontiers in neural circuits},
  volume={8},
  pages={71},
  year={2014},
  publisher={Frontiers}
}

@article{fong2015upward,
  title={Upward synaptic scaling is dependent on neurotransmission rather than spiking},
  author={Fong, Ming-fai and Newman, Jonathan P and Potter, Steve M and Wenner, Peter},
  journal={Nature communications},
  volume={6},
  year={2015},
  publisher={Nature Publishing Group}
}

@article{kang2010generation,
  title={Generation of Patterned Neuronal Networks on Cell-Repellant Poly (oligo (ethylene glycol) Methacrylate) Films},
  author={Kang, Kyungtae and Kang, Gyumin and Lee, Bong Soo and Choi, Insung S and Nam, Yoonkey},
  journal={Chemistry--An Asian Journal},
  volume={5},
  number={8},
  pages={1804--1809},
  year={2010},
  publisher={Wiley Online Library}
}

@article{feinerman2008reliable,
  title={Reliable neuronal logic devices from patterned hippocampal cultures},
  author={Feinerman, Ofer and Rotem, Assaf and Moses, Elisha},
  journal={Nature physics},
  volume={4},
  number={12},
  pages={967--973},
  year={2008},
  publisher={Nature Publishing Group}
}

@article{kwiat2012highly,
  title={Highly Ordered Large-Scale Neuronal Networks of Individual Cells--Toward Single Cell to 3D Nanowire Intracellular Interfaces},
  author={Kwiat, Moria and Elnathan, Roey and Pevzner, Alexander and Peretz, Asher and Barak, Boaz and Peretz, Hagit and Ducobni, Tamir and Stein, Daniel and Mittelman, Leonid and Ashery, Uri and others},
  journal={ACS applied materials \& interfaces},
  volume={4},
  number={7},
  pages={3542--3549},
  year={2012},
  publisher={ACS Publications}
}

@article{shein2011engineered,
  title={Engineered neuronal circuits: a new platform for studying the role of modular topology},
  author={Shein-Idelson, Mark and Ben-Jacob, Eshel and Hanein, Yael},
  journal={Frontiers in neuroengineering},
  volume={4},
  pages={10},
  year={2011},
  publisher={Frontiers}
}

@article{peyrin2011axon,
  title={Axon diodes for the reconstruction of oriented neuronal networks in microfluidic chambers},
  author={Peyrin, Jean-Michel and Deleglise, B{\'e}rang{\`e}re and Saias, Laure and Vignes, Ma{\'e}va and Gougis, Paul and Magnifico, Sebastien and Betuing, Sandrine and Pietri, Math{\'e}a and Caboche, Jocelyne and Vanhoutte, Peter and others},
  journal={Lab on a Chip},
  volume={11},
  number={21},
  pages={3663--3673},
  year={2011},
  publisher={Royal Society of Chemistry}
}

@article{robertson2014chemically,
  title={Chemically induced synaptic activity between mixed primary hippocampal co-cultures in a microfluidic system},
  author={Robertson, Graham and Bushell, Trevor J and Zagnoni, Michele},
  journal={Integrative Biology},
  volume={6},
  number={6},
  pages={636--644},
  year={2014},
  publisher={Royal Society of Chemistry}
}

@article{honegger2016microfluidic,
  title={Microfluidic neurite guidance to study structure-function relationships in topologically-complex population-based neural networks},
  author={Honegger, Thibault and Thielen, Moritz I and Feizi, Soheil and Sanjana, Neville E and Voldman, Joel},
  journal={Scientific Reports},
  volume={6},
  year={2016},
  publisher={Nature Publishing Group}
}

@article{levy2012enhancement,
  title={Enhancement of neural representation capacity by modular architecture in networks of cortical neurons},
  author={Levy, Ofri and Ziv, Noam E and Marom, Shimon},
  journal={European Journal of Neuroscience},
  volume={35},
  number={11},
  pages={1753--1760},
  year={2012},
  publisher={Wiley Online Library}
}

@article{dauth2016neurons,
  title={Neurons derived from different brain regions are inherently different in vitro: A novel multiregional brain-on-a-chip},
  author={Dauth, Stephanie and Maoz, Ben M and Sheehy, Sean P and Hemphill, Matthew A and Murty, Tara and Macedonia, Mary Kate and Greer, Angie M and Budnik, Bogdan and Parker, Kevin Kit},
  journal={Journal of Neurophysiology},
  pages={jn--00575},
  year={2016},
  publisher={Am Physiological Soc}
}

@article{veening2012volume,
  title={Volume transmission of beta-endorphin via the cerebrospinal fluid; a review},
  author={Veening, Jan G and Gerrits, Peter O and Barendregt, Henk P},
  journal={Fluids and Barriers of the CNS},
  volume={9},
  number={1},
  pages={16},
  year={2012},
  publisher={BioMed Central}
}

@article{agnati2006volume,
  title={Volume transmission and wiring transmission from cellular to molecular networks: history and perspectives},
  author={Agnati, LF and Leo, Giuseppina and Zanardi, Alessio and Genedani, Susanna and Rivera, Alicia and Fuxe, Kjell and Guidolin, Diego},
  journal={Acta Physiologica},
  volume={187},
  number={1-2},
  pages={329--344},
  year={2006},
  publisher={Wiley Online Library}
}

@article{ding2016changes,
  title={Changes in the composition of brain interstitial ions control the sleep-wake cycle},
  author={Ding, Fengfei and O’Donnell, John and Xu, Qiwu and Kang, Ning and Goldman, Nanna and Nedergaard, Maiken},
  journal={Science},
  volume={352},
  number={6285},
  pages={550--555},
  year={2016},
  publisher={American Association for the Advancement of Science}
}

@article{matsui2003ectopic,
  title={Ectopic release of synaptic vesicles},
  author={Matsui, Ko and Jahr, Craig E},
  journal={Neuron},
  volume={40},
  number={6},
  pages={1173--1183},
  year={2003},
  publisher={Elsevier}
}

@article{hensch2004critical,
  title={Critical period regulation},
  author={Hensch, Takao K},
  journal={Annu. Rev. Neurosci.},
  volume={27},
  pages={549--579},
  year={2004},
  publisher={Annual Reviews}
}

@article{cavelier2005DIDS,
  title={Tonic release of glutamate by a DIDS-sensitive mechanism in rat hippocampal slices},
  author={Cavelier, Pauline and Attwell, David},
  journal={The Journal of physiology},
  volume={564},
  number={2},
  pages={397--410},
  year={2005},
  publisher={Wiley Online Library}
}

@article{rice2008dopamine,
  title={Dopamine spillover after quantal release: rethinking dopamine transmission in the nigrostriatal pathway},
  author={Rice, Margaret E and Cragg, Stephanie J},
  journal={Brain research reviews},
  volume={58},
  number={2},
  pages={303--313},
  year={2008},
  publisher={Elsevier}
}

@article{sarter2009phasic,
  title={Phasic acetylcholine release and the volume transmission hypothesis: time to move on},
  author={Sarter, Martin and Parikh, Vinay and Howe, W Matthew},
  journal={Nature Reviews Neuroscience},
  volume={10},
  number={5},
  pages={383--390},
  year={2009},
  publisher={Nature Publishing Group}
}

@article{saper2005hypothalamic,
  title={Hypothalamic regulation of sleep and circadian rhythms},
  author={Saper, Clifford B and Scammell, Thomas E and Lu, Jun},
  journal={Nature},
  volume={437},
  number={7063},
  pages={1257--1263},
  year={2005},
  publisher={Nature Publishing Group}
}

@article{huang2012pull,
  title={Pull-push neuromodulation of LTP and LTD enables bidirectional experience-induced synaptic scaling in visual cortex},
  author={Huang, ShiYong and Trevi{\~n}o, Mario and He, Kaiwen and Ardiles, Alvaro and de Pasquale, Roberto and Guo, Yatu and Palacios, Adrian and Huganir, Richard and Kirkwood, Alfredo},
  journal={Neuron},
  volume={73},
  number={3},
  pages={497--510},
  year={2012},
  publisher={Elsevier}
}

@article{otani2015dopaminergic,
  title={Dopaminergic modulation of synaptic plasticity in rat prefrontal neurons},
  author={Otani, Satoru and Bai, Jing and Blot, Kevin},
  journal={Neuroscience bulletin},
  volume={31},
  number={2},
  pages={183--190},
  year={2015},
  publisher={Springer}
}

@article{isaac2009hippocampal,
  title={Hippocampal place cell firing patterns can induce long-term synaptic plasticity in vitro},
  author={Isaac, John TR and Buchanan, Katherine A and Muller, Robert U and Mellor, Jack R},
  journal={Journal of Neuroscience},
  volume={29},
  number={21},
  pages={6840--6850},
  year={2009},
  publisher={Soc Neuroscience}
}

@article{hasselmo2006role,
  title={The role of acetylcholine in learning and memory},
  author={Hasselmo, Michael E},
  journal={Current opinion in neurobiology},
  volume={16},
  number={6},
  pages={710--715},
  year={2006},
  publisher={Elsevier}
}

@article{ogren1980evidence,
  title={Evidence for a role of the locus coeruleus noradrenaline system in learning},
  author={{\"O}gren, SO and Archer, T and Ross, SB},
  journal={Neuroscience Letters},
  volume={20},
  number={3},
  pages={351--356},
  year={1980},
  publisher={Elsevier}
}

@article{tsai2009phasic,
  title={Phasic firing in dopaminergic neurons is sufficient for behavioral conditioning},
  author={Tsai, Hsing-Chen and Zhang, Feng and Adamantidis, Antoine and Stuber, Garret D and Bonci, Antonello and De Lecea, Luis and Deisseroth, Karl},
  journal={Science},
  volume={324},
  number={5930},
  pages={1080--1084},
  year={2009},
  publisher={American Association for the Advancement of Science}
}

@article{kuchibhotla2017parallel,
  title={Parallel processing by cortical inhibition enables context-dependent behavior},
  author={Kuchibhotla, Kishore V and Gill, Jonathan V and Lindsay, Grace W and Papadoyannis, Eleni S and Field, Rachel E and Sten, Tom A Hindmarsh and Miller, Kenneth D and Froemke, Robert C},
  journal={Nature Neuroscience},
  volume={20},
  number={1},
  pages={62--71},
  year={2017},
  publisher={Nature Research}
}

@article{carter2010tuning,
  title={Tuning arousal with optogenetic modulation of locus coeruleus neurons},
  author={Carter, Matthew E and Yizhar, Ofer and Chikahisa, Sachiko and Nguyen, Hieu and Adamantidis, Antoine and Nishino, Seiji and Deisseroth, Karl and De Lecea, Luis},
  journal={Nature neuroscience},
  volume={13},
  number={12},
  pages={1526--1533},
  year={2010},
  publisher={Nature Publishing Group}
}

@article{schultz2013updating,
  title={Updating dopamine reward signals},
  author={Schultz, Wolfram},
  journal={Current opinion in neurobiology},
  volume={23},
  number={2},
  pages={229--238},
  year={2013},
  publisher={Elsevier}
}

@article{pinto2013fast,
  title={Fast modulation of visual perception by basal forebrain cholinergic neurons},
  author={Pinto, Lucas and Goard, Michael J and Estandian, Daniel and Xu, Min and Kwan, Alex C and Lee, Seung-Hee and Harrison, Thomas C and Feng, Guoping and Dan, Yang},
  journal={Nature neuroscience},
  volume={16},
  number={12},
  pages={1857--1863},
  year={2013},
  publisher={Nature Research}
}

@article{schultz1997neural,
  title={A neural substrate of prediction and reward},
  author={Schultz, Wolfram and Dayan, Peter and Montague, P Read},
  journal={Science},
  volume={275},
  number={5306},
  pages={1593--1599},
  year={1997},
  publisher={American Association for the Advancement of Science}
}

@book{hebb1961organization,
  title={THE ORGANIZATION OF BEHAVIOUR.},
  author={HEBB, D O},
  year={1961}
}

@article{brea2016does,
  title={Does computational neuroscience need new synaptic learning paradigms?},
  author={Brea, Johanni and Gerstner, Wulfram},
  journal={Current Opinion in Behavioral Sciences},
  volume={11},
  pages={61--66},
  year={2016},
  publisher={Elsevier}
}

@article{fremaux2013reinforcement,
  title={Reinforcement learning using a continuous time actor-critic framework with spiking neurons},
  author={Fr{\'e}maux, Nicolas and Sprekeler, Henning and Gerstner, Wulfram},
  journal={PLoS Comput Biol},
  volume={9},
  number={4},
  pages={e1003024},
  year={2013},
  publisher={Public Library of Science}
}

@article{fremaux2015neuromodulated,
  title={Neuromodulated spike-timing-dependent plasticity, and theory of three-factor learning rules},
  author={Fr{\'e}maux, Nicolas and Gerstner, Wulfram},
  journal={Frontiers in neural circuits},
  volume={9},
  year={2015},
  publisher={Frontiers Media SA}
}

@article{hestrin1992activation,
  title={Activation and desensitization of glutamate-activated channels mediating fast excitatory synaptic currents in the visual cortex},
  author={Hestrin, Shaul},
  journal={Neuron},
  volume={9},
  number={5},
  pages={991--999},
  year={1992},
  publisher={Elsevier}
}

@article{jonas1993quantal,
  title={Quantal components of unitary EPSCs at the mossy fibre synapse on CA3 pyramidal cells of rat hippocampus.},
  author={Jonas, Peter and Major, Guy and Sakmann, Bert},
  journal={The Journal of Physiology},
  volume={472},
  number={1},
  pages={615--663},
  year={1993},
  publisher={Wiley Online Library}
}

@article{takayama2001laminar,
  title={Laminar flows: subcellular positioning of small molecules},
  author={Takayama, Shuichi and Ostuni, Emanuele and LeDuc, Philip and Naruse, Keiji and Ingber, Donald E and Whitesides, George M},
  journal={Nature},
  volume={411},
  number={6841},
  pages={1016},
  year={2001},
  publisher={Nature Publishing Group}
}

@article{bae2009rapid,
  title={Rapid switching of chemical signals in microfluidic devices},
  author={Bae, Albert J and Beta, Carsten and Bodenschatz, Eberhard},
  journal={Lab on a chip},
  volume={9},
  number={21},
  pages={3059--3065},
  year={2009},
  publisher={Royal Society of Chemistry}
}

@article{taylor2005microfluidic,
  title={A microfluidic culture platform for CNS axonal injury, regeneration and transport},
  author={Taylor, Anne M and Blurton-Jones, Mathew and Rhee, Seog Woo and Cribbs, David H and Cotman, Carl W and Jeon, Noo Li},
  journal={Nature methods},
  volume={2},
  number={8},
  pages={599--605},
  year={2005},
  publisher={Nature Publishing Group}
}

@article{taylor2010microfluidic,
  title={Microfluidic local perfusion chambers for the visualization and manipulation of synapses},
  author={Taylor, Anne M and Dieterich, Daniela C and Ito, Hiroshi T and Kim, Sally A and Schuman, Erin M},
  journal={Neuron},
  volume={66},
  number={1},
  pages={57--68},
  year={2010},
  publisher={Elsevier}
}

@article{renault2015combining,
  title={Combining microfluidics, optogenetics and calcium imaging to study neuronal communication in vitro},
  author={Renault, Renaud and Sukenik, Nirit and Descroix, St{\'e}phanie and Malaquin, Laurent and Viovy, Jean-Louis and Peyrin, Jean-Michel and Bottani, Samuel and Monceau, Pascal and Moses, Elisha and Vignes, Ma{\'e}va},
  journal={PLoS One},
  volume={10},
  number={4},
  pages={e0120680},
  year={2015},
  publisher={Public Library of Science}
}

@article{atencia2005controlled,
  title={Controlled microfluidic interfaces},
  author={Atencia, Javier and Beebe, David J},
  journal={Nature},
  volume={437},
  number={7059},
  pages={648--655},
  year={2005},
  publisher={Nature Publishing Group}
}

@article{decave2002shear,
  title={Shear flow-induced detachment kinetics of Dictyostelium discoideum cells from solid substrate},
  author={D{\'e}cav{\'e}, Emmanuel and Garrivier, Daniel and Br{\'e}chet, Yves and Fourcade, Bertrand and Bruckert, Franz},
  journal={Biophysical journal},
  volume={82},
  number={5},
  pages={2383--2395},
  year={2002},
  publisher={Elsevier}
}

@article{toh2011fluid,
  title={Fluid shear stress primes mouse embryonic stem cells for differentiation in a self-renewing environment via heparan sulfate proteoglycans transduction},
  author={Toh, Yi-Chin and Voldman, Joel},
  journal={The FASEB Journal},
  volume={25},
  number={4},
  pages={1208--1217},
  year={2011},
  publisher={FASEB}
}

@article{shemesh2015flow,
  title={Flow-induced stress on adherent cells in microfluidic devices},
  author={Shemesh, Jonathan and Jalilian, Iman and Shi, Anthony and Yeoh, Guan Heng and Tate, Melissa L Knothe and Warkiani, Majid Ebrahimi},
  journal={Lab on a Chip},
  volume={15},
  number={21},
  pages={4114--4127},
  year={2015},
  publisher={Royal Society of Chemistry}
}

@article{squires2005microfluidics,
  title={Microfluidics: Fluid physics at the nanoliter scale},
  author={Squires, Todd M and Quake, Stephen R},
  journal={Reviews of modern physics},
  volume={77},
  number={3},
  pages={977},
  year={2005},
  publisher={APS}
}

@article{scott2013microfluidic,
  title={A microfluidic microelectrode array for simultaneous electrophysiology, chemical stimulation, and imaging of brain slices},
  author={Scott, Adina and Weir, Keiko and Easton, Curtis and Huynh, Wilson and Moody, William J and Folch, Albert},
  journal={Lab on a Chip},
  volume={13},
  number={4},
  pages={527--535},
  year={2013},
  publisher={Royal Society of Chemistry}
}

@article{potter2001new,
  title={A new approach to neural cell culture for long-term studies},
  author={Potter, Steve M and DeMarse, Thomas B},
  journal={Journal of neuroscience methods},
  volume={110},
  number={1},
  pages={17--24},
  year={2001},
  publisher={Elsevier}
}

@article{hulata2002method,
  title={A method for spike sorting and detection based on wavelet packets and Shannon's mutual information},
  author={Hulata, Eyal and Segev, Ronen and Ben-Jacob, Eshel},
  journal={Journal of neuroscience methods},
  volume={117},
  number={1},
  pages={1--12},
  year={2002},
  publisher={Elsevier}
}

@article{le2007conditional,
  title={Conditional firing probabilities in cultured neuronal networks: a stable underlying structure in widely varying spontaneous activity patterns},
  author={Le Feber, J and Rutten, WLC and Stegenga, J and Wolters, PS and Ramakers, GJA and Van Pelt, J},
  journal={Journal of neural engineering},
  volume={4},
  number={2},
  pages={54},
  year={2007},
  publisher={IOP Publishing}
}

@article{bellamy2000rapid,
  title={Rapid desensitization of the nitric oxide receptor, soluble guanylyl cyclase, underlies diversity of cellular cGMP responses},
  author={Bellamy, Tomas C and Wood, John and Goodwin, David A and Garthwaite, John},
  journal={Proceedings of the National Academy of Sciences},
  volume={97},
  number={6},
  pages={2928--2933},
  year={2000},
  publisher={National Acad Sciences}
}

@article{bellamy2006interactions,
  title={Interactions between Purkinje neurones and Bergmann glia},
  author={Bellamy, Tomas C},
  journal={The Cerebellum},
  volume={5},
  number={2},
  pages={116--126},
  year={2006},
  publisher={Springer}
}

@article{wall1997development,
  title={Development of Action Potential-dependent and Independent Spontaneous GABAA Receptor-mediated Currents in Granule Cells of Postnatal Rat Cerebellum},
  author={Wall, Mark J and Usowicz, Maria M},
  journal={European Journal of Neuroscience},
  volume={9},
  number={3},
  pages={533--548},
  year={1997},
  publisher={Wiley Online Library}
}

@article{thomas2013chamber,
  title={A chamber for the perfusion of in vitro tissue with multiple solutions},
  author={Thomas, Matthew G and Covington, James A and Wall, Mark J},
  journal={Journal of neurophysiology},
  volume={110},
  number={1},
  pages={269--277},
  year={2013},
  publisher={Am Physiological Soc}
}
